<record><leader>00000cas a22000007a 4500</leader><controlfield tag="001">31347734</controlfield><controlfield tag="008">941024d189u1922nyucr ne      0    0eng d</controlfield><datafield ind1=" " ind2=" " tag="010"><subfield code="a">sn 94057954 </subfield></datafield><datafield ind1=" " ind2=" " tag="040"><subfield code="a">NYS</subfield><subfield code="b">eng</subfield><subfield code="c">NYS</subfield><subfield code="d">OCLCQ</subfield></datafield><datafield ind1=" " ind2=" " tag="042"><subfield code="a">msc</subfield></datafield><datafield ind1="0" ind2=" " tag="130"><subfield code="a">Middleport herald (Middleport, N.Y. : 1895)</subfield></datafield><datafield ind1="1" ind2="4" tag="245"><subfield code="a">The Middleport herald.</subfield></datafield><datafield ind1="1" ind2="3" tag="246"><subfield code="a">Weekly herald</subfield></datafield><datafield ind1=" " ind2=" " tag="260"><subfield code="a">Middleport, N.Y. :</subfield><subfield code="b">[s.n.]</subfield></datafield><datafield ind1=" " ind2=" " tag="300"><subfield code="a">v.</subfield></datafield><datafield ind1=" " ind2=" " tag="310"><subfield code="a">Semiweekly,</subfield><subfield code="b">&lt;May 5, 1908-1910&gt;</subfield></datafield><datafield ind1=" " ind2=" " tag="321"><subfield code="a">Weekly,</subfield><subfield code="b">&lt;1895-Apr. 22, 1908&gt;</subfield></datafield><datafield ind1="1" ind2=" " tag="362"><subfield code="a">Ceased in 1922?</subfield></datafield><datafield ind1=" " ind2=" " tag="515"><subfield code="a">Numbering changes to: Vol. 1, no. 1 with May 5, 1908 issue.</subfield></datafield><datafield ind1=" " ind2=" " tag="515"><subfield code="a">Numbering changes to: Vol. 1, no. 1 with June 2, 1922 issue.</subfield></datafield><datafield ind1=" " ind2=" " tag="588"><subfield code="a">Description based on: Mar. 6, 1895.</subfield></datafield><datafield ind1=" " ind2="4" tag="651"><subfield code="a">Middleport (N.Y.)</subfield><subfield code="v">Newspapers.</subfield></datafield><datafield ind1=" " ind2="4" tag="651"><subfield code="a">Niagara County (N.Y.)</subfield><subfield code="v">Newspapers.</subfield></datafield><datafield ind1=" " ind2=" " tag="752"><subfield code="a">United States</subfield><subfield code="b">New York</subfield><subfield code="c">Niagara</subfield><subfield code="d">Middleport.</subfield></datafield><datafield ind1="0" ind2=" " tag="775"><subfield code="t">Middleport herald (Middleport, N.Y. : Daily)</subfield><subfield code="w">(DLC)sn 94057955</subfield></datafield><datafield ind1="0" ind2="0" tag="780"><subfield code="t">Herald (Middleport, N.Y.)</subfield><subfield code="w">(DLC)sn 94057953</subfield><subfield code="w">(OCoLC)31334640</subfield></datafield><datafield ind1="0" ind2="0" tag="785"><subfield code="t">Niagara herald</subfield><subfield code="w">(DLC)sn 94057580</subfield></datafield><datafield ind1="1" ind2=" " tag="029"><subfield code="a">AU@</subfield><subfield code="b">000024760512</subfield></datafield></record>